% ============================================================================ %
% Encoding: UTF-8 (žluťoučký kůň úpěl ďábelšké ódy)
% ============================================================================ %

@ARTICLE{IOT_AGG,
  title={Review of agricultural IoT technology},
  author={Xu, Jinyuan and Gu, Baoxing and Tian, Guangzhao},
  journal={Artificial Intelligence in Agriculture},
  volume={6},
  pages={10--22},
  year={2022},
  publisher={Elsevier}
}

@MISC{DCAP,
  author       = "Satyanarayana Jeedigunta and Arushi Goel",
  title        = "Here’s how the agricultural sector can solve its data problem. [online]",
  publisher    = "World Economic Forum",
  howpublished = "https://www.weforum.org/agenda/2023/01/here-s-how-agricultural-sector-data-problem-davos2023/",
  year         = "2023",
  note         = "[cit. 2023-12-02]",
}

@INPROCEEDINGS{devalal2018lora,
  title={LoRa technology-an overview},
  author={Devalal, Shilpa and Karthikeyan, A},
  booktitle={2018 second international conference on electronics, communication and aerospace technology (ICECA)},
  pages={284--290},
  year={2018},
  organization={IEEE}
}

@MISC{grafana_docs, 
    author = "GrafanaLabs", 
    title = "Grafana documentation. [online]", 
    year = "2024", 
    howpublished = "https://grafana.com/docs/", 
    note = "[cit. 2024-01-07]"
}

@MISC{LORA_EQUATION, 
    author = "rfwireless-world", 
    title = "LoRaWAN Airtime calculator, LoRa Packet duration calculations. [online]", 
    year = "2020", 
    howpublished = "https://www.rfwireless-world.com/calculators/LoRaWAN-Airtime-calculator.html", 
    note = "[cit. 2023-12-17]"
}

@MISC{LoRaWAN_2020, 
    author = "LoRaAllianceTechnicalCommittee", 
    title = "LoRaWAN® Regional Parameters [online]", 
    year = "2020", 
    howpublished = "https://lora-alliance.org/wp-content/uploads/2020/11/RP\_2-1.0.2.pdf", 
    note = "[cit. 2023-12-17]"
}
@MISC{IOT_DATA_ANALYSIS, 
    author = "Akancha Tripathi", 
    title = "A Beginners Guide to Data Analytics in IoT – Steps to Implement IoT Analytics and More [online]", 
    year = "2023", 
    howpublished = "https://www.analytixlabs.co.in/blog/analytics-in-iot/", 
    note = "[cit. 2024-03-09]"
}

@MISC{PLANET,
  author       = "Planet",
  title        = "{Data Driven Precision Agriculture with Planet. [online]}",
  howpublished = "https://www.planet.com/markets/monitoring-for-precision-agriculture/",
  year         = "2023",
  note         = "[cit. 2023-12-03]",
}

@MISC{BLE_BIB,
  author       = "Microchip",
  title        = "{Introduction to Bluetooth® Low Energy. [online]}",
  howpublished = "https://microchipdeveloper.com/xwiki/bin/view/applications/ble/",
  year         = "2023",
  note         = "[cit. 2023-12-29]",
}

@ARTICLE{standard2019mqtt,
  title={MQTT Version 5.0},
  author={StandardOASIS},
  volume={22},
  pages={2020},
  year={2019}
}

@MISC{JDEERE,
  author       = "JohnDeere",
  title        = "{Precision AG Technology. [online]}",
  howpublished = "https://www.deere.com/en/technology-products/precision-ag-technology/",
  year         = "2023",
  note         = "[cit. 2023-12-03]",
}

@MISC{SWIFT,
  author       = "SwiftSensors",
  title        = "{Agriculture \& Farming Monitoring System. [online]}",
  howpublished = "https://www.swiftsensors.com/industry/agriculture-monitoring-system/",
  year         = "2023",
  note         = "[cit. 2023-12-03]",
}

@MISC{BEEHERO,
  author       = "BeeHero",
  title        = "{Beekeepers. [online]}",
  howpublished = "https://www.beehero.io/beekeepers",
  year         = "2023",
  note         = "[cit. 2023-12-03]",
}

@MISC{onesoil2020map,
  author       = {OneSoil},
  title        = {Agricultural OneSoil Map with AI detected fields and crops. [online]},
  howpublished = {https://map.onesoil.ai/},
  year         = {2024},
  note         = {[cit. 2024-06-01]},
}

@ARTICLE{rahm2000data,
  title={Data cleaning: Problems and current approaches},
  author={Rahm, Erhard and Do, Hong Hai and others},
  journal={IEEE Data Eng. Bull.},
  volume={23},
  number={4},
  pages={3--13},
  year={2000}
}

@ARTICLE{BDIA_POV1,
  title={Big data in agriculture: Between opportunity and solution},
  author={Osinga, Sjoukje A and Paudel, Dilli and Mouzakitis, Spiros A and Athanasiadis, Ioannis N},
  journal={Agricultural Systems},
  volume={195},
  pages={103298},
  year={2022},
  publisher={Elsevier},
}

@BOOK{buyya2016internet_POV3,
  title={Internet of Things: Principles and paradigms},
  author={Buyya, Rajkumar and Dastjerdi, Amir Vahid},
  year={2016},
  publisher={Elsevier}
}

@BOOK{buyya2016big_POV5,
  title={Big data: principles and paradigms},
  author={Buyya, Rajkumar and Calheiros, Rodrigo N and Dastjerdi, Amir Vahid},
  year={2016},
  publisher={Morgan Kaufmann}
}

@ARTICLE{ted29891282time_POV6,
  title={Time Series Databases: New Ways to Store and Access Data},
  author={Ted, Dunning and Ellen, Friedman},
  journal={URL: https://www. academia. edu/29891282/Time\_Series\_Da tabases\_New\_Ways\_to\_Store\_and\_Access\_Data}
}

@INPROCEEDINGS{lavric2018lorawan_POV4,
  title={LoRaWAN communication protocol: The new era of IoT},
  author={Lavric, Alexandru and Petrariu, Adrian Ioan},
  booktitle={2018 International Conference on Development and Application Systems (DAS)},
  pages={74--77},
  year={2018},
  organization={IEEE}
}

@INPROCEEDINGS{ccorak2018comparative_POV2,
  title={Comparative analysis of IoT communication protocols},
  author={{\c{C}}orak, Burak H and Okay, Feyza Y and G{\"u}zel, Metehan and Murt, {\c{S}}ahin and Ozdemir, Suat},
  booktitle={2018 International symposium on networks, computers and communications (ISNCC)},
  pages={1--6},
  year={2018},
  organization={IEEE}
}

@ARTICLE{shibusawa2009data,
  title={Data collection and analysis methods for data from field experiments},
  author={Shibusawa, S and Hach{\'e}, C},
  journal={System Analysis and Modeling in Food Agriculture},
  volume={12},
  pages={311},
  year={2009}
}

@article{influxDB,
  title={Time series databases and influxdb},
  author={Naqvi, Syeda Noor Zehra and Yfantidou, Sofia and Zim{\'a}nyi, Esteban},
  journal={Studienarbeit, Universit{\'e} Libre de Bruxelles},
  volume={12},
  year={2017}
}

@ARTICLE{DC_SATELITE,
  author={Yang, Chenghai and Everitt, James H. and Du, Qian and Luo, Bin and Chanussot, Jocelyn},
  journal={Proceedings of the IEEE}, 
  title={Using High-Resolution Airborne and Satellite Imagery to Assess Crop Growth and Yield Variability for Precision Agriculture}, 
  year={2013},
  volume={101},
  number={3},
  pages={582-592},
  doi={10.1109/JPROC.2012.2196249}}

@ARTICLE{li2010sensors,
  title={Sensors for agriculture and the food industry},
  author={Li, Suiqiong and Simonian, Aleksandr and Chin, Bryan A},
  journal={The Electrochemical Society Interface},
  volume={19},
  number={4},
  pages={41},
  year={2010},
  publisher={IOP Publishing}
}

@BOOK{BDPP,
  author       = "Sjoukje A. Osinga and Dilli Paudel and Spiros A. Mouzakitis and Ioannis N. Athanasiadis",
  title        = "{Big data in agriculture: Between opportunity and solution}",
  publisher    = "Agricultural Systems",
  edition      = "5th",
  year         = "2016",
  isbn         = "978-0128053942",
}

@MISC{SENSOR_TYPES,
  author       = "Ravi Teja",
  title        = "What is a Sensor? Different Types of Sensors and their Applications. [online]",
  howpublished = "https://www.electronicshub.org/different-types-sensors",
  year         = "2021",
  note         = "[cit. 2023-12-09]",
}

@MISC{NB_IOT,
  author       = "TechTarget",
  title        = "What is Narrowband IoT (NB-IoT)?. [online]",
  howpublished = "https://www.techtarget.com/whatis/definition/narrowband-IoT-NB-IoT",
  year         = "2021",
  note         = "[cit. 2024-01-13]",
}

@MISC{LTE_M_IOT,
  author       = "Kalliopi Papanikolaou",
  title        = "What Is LTE-M? Long Term Evolution for Machines Explained. [online]",
  howpublished = "https://www.emnify.com/iot-glossary/lte-m",
  year         = "2021",
  note         = "[cit. 2024-01-13]",
}

@MISC{IOT_CR,
  author       = "Michal Lom, Ondřej Přibyl",
  title        = "Sítě pro internet věcí v České republice. [online]",
  howpublished = "https://elektro.tzb-info.cz/informacni-a-telekomunikacni-technologie/16519-site-pro-internet-veci-v-ceske-republice",
  year         = "2017",
  note         = "[cit. 2024-01-13]",
}

@MISC{HOSTING,
  author       = "Daniel Onugha",
  title        = "Comparing Cloud Hosting vs. Self Hosting. [online]",
  howpublished = "https://medium.com/@danielonugha0/comparing-cloud-hosting-vs-self-hosting-5e099dd6c0de",
  year         = "2023",
  note         = "[cit. 2024-01-14]",
}

@MISC{CONTAINERIZATION,
  author       = "IBM",
  title        = "What is containerization? [online]",
  howpublished = "https://www.ibm.com/topics/containe rization",
  year         = "2023",
  note         = "[cit. 2024-01-14]",
}

@INBOOK{Delorme2006,
  author       = {Arnaud Delorme},
  chapter      = "{Statistical Methods}",
  title        = "{Encyclopedia of Medical Devices and Instrumentation}",
  publisher    = "Wiley Interscience",
  pages        = "240--264",
  volume       = "6",
  doi          = "10.1002/0471732877.emd318",
  year         = "2006",
  isbn         = "978-0-471-73287-7",
}

@ARTICLE{Bourreau2006,
  author       = "D. Bourreau and A. Peden and S. Le Maguer",
  title        = "{A Quasi-Optical Free-Space Measurement Setup Without Time-Domain Gating for Material Characterization in the W-Band}",
  journal      = "{Instrumentation and Measurement, IEEE Transactions on}",
  year         = "2006",
  month        = "prosinec",
  volume       = "55",
  number       = "6",
  pages        = "2022--2028",
  issn         = "0018-9456",
}

@INPROCEEDINGS{Judish1999,
  author       = "R. M. Judish and J. Splett",
  booktitle    = "{IMTC/99. Proceedings of the 16th IEEE Instrumentation and Measurement Technology Conference (Cat. No.99CH36309)}",
  title        = "{Robust Statistical Analysis of Vector Network Analyzer Intercomparisons}",
  month        = "květen",
  year         = "1999",
  volume       = "3",
  pages        = "1320--1324",
  doi          = "10.1109/IMTC.1999.776019",
  issn         = "1091-5281",
}

@PHDTHESIS{Valente2005,
  author       = "Fabio Valente",
  title        = "{Variational Bayesian Methods for Audio Indexing}",
  school       = "Université Nice Sophia Antipolis",
  address      = "",
  year         = "2005",
  month        = "září",
  language     = "english",
}%  url          = "http://www.eurecom.fr/en/publication/1739/download/mm-valefa-050923.pdf",

@TECHREPORT{Fralick1997,
  author       = "Dion T. Fralick",
  title        = "{W-band Free Space Permittivity Measurement Setup for Candidate Radome Materials}",
  year         = "1997",
  source       = "http://www.ncstrl.org:8900/ncstrl/servlet/search?formname=detail\&id=oai%3ALTRS%3ANASA-97-cr201720",
  publisher    = "NASA Langley Technical Report Server",
  institution  = "NASA Langley Technical Report Server",
} 

@MISC{WWWCST,
  author       = {{3DEXPERIENCE® Company - Dassault Systèmes®}},
  title        = "{CST Studio Suite 3D EM simulation and analysis software [online]}",
  publisher    = "3DEXPERIENCE® Company - Dassault Systèmes®",
  howpublished = "https://www.3ds.com/products-services/simulia/products/cst-studio-suite/",
  year         = "2020",
  note         = "[cit. 2020-01-26]",
}

% ============================================================================ %
